@Article{Moran2021,
  author    = {Maira Moran and Marcelo Faria and Gilson Giraldi and Luciana Bastos and Larissa Oliveira and Aura Conci},
  journal   = {Sensors},
  title     = {Classification of Approximal Caries in Bitewing Radiographs Using Convolutional Neural Networks},
  year      = {2021},
  month     = {jul},
  number    = {15},
  pages     = {5192},
  volume    = {21},
  comment   = {Non DL preprocess, classfication Inception, ResNet, 480 bitewing imgs},
  doi       = {10.3390/s21155192},
  file      = {:papers/sensors-21-05192-v2.pdf:PDF},
  publisher = {{MDPI} {AG}},
}

@Article{Lian2021,
  author    = {Luya Lian and Tianer Zhu and Fudong Zhu and Haihua Zhu},
  journal   = {Diagnostics},
  title     = {Deep Learning for Caries Detection and Classification},
  year      = {2021},
  month     = {sep},
  number    = {9},
  pages     = {1672},
  volume    = {11},
  comment   = {U-net seg plus classification by severity, 1160 panoramic images},
  doi       = {10.3390/diagnostics11091672},
  file      = {:papers/diagnostics-11-01672.pdf:PDF},
  publisher = {{MDPI} {AG}},
}

@Article{Cantu2020,
  author     = {Anselmo Garcia Cantu and Sascha Gehrung and Joachim Krois and Akhilanand Chaurasia and Jesus Gomez Rossi and Robert Gaudin and Karim Elhennawy and Falk Schwendicke},
  journal    = {Journal of Dentistry},
  title      = {Detecting caries lesions of different radiographic extension on bitewings using deep learning},
  year       = {2020},
  month      = {sep},
  pages      = {103425},
  volume     = {100},
  comment    = {U-net segmentation 3686 bitewing},
  doi        = {10.1016/j.jdent.2020.103425},
  file       = {:papers/1-s2.0-S0300571220301718-main.pdf:PDF},
  publisher  = {Elsevier {BV}},
  readstatus = {skimmed},
}

@Article{Lee2018,
  author    = {Jae-Hong Lee and Do-Hyung Kim and Seong-Nyum Jeong and Seong-Ho Choi},
  journal   = {Journal of Dentistry},
  title     = {Detection and diagnosis of dental caries using a deep learning-based convolutional neural network algorithm},
  year      = {2018},
  month     = {oct},
  pages     = {106--111},
  volume    = {77},
  comment   = {Manual detection, InceptionNet classification, 3000k periapical images},
  doi       = {10.1016/j.jdent.2018.07.015},
  file      = {:papers/1-s2.0-S0300571218302252-main.pdf:PDF},
  publisher = {Elsevier {BV}},
}

@Article{Srivastava2017,
  author        = {Muktabh Mayank Srivastava and Pratyush Kumar and Lalit Pradhan and Srikrishna Varadarajan},
  journal       = {CoRR},
  title         = {Detection of Tooth caries in Bitewing Radiographs using Deep Learning},
  year          = {2017},
  volume        = {abs/1711.07312},
  archiveprefix = {arXiv},
  bibsource     = {dblp computer science bibliography, https://dblp.org},
  biburl        = {https://dblp.org/rec/journals/corr/abs-1711-07312.bib},
  comment       = {Detection FCNN(Unspecified) architecture, 3000imgs bitewing},
  eprint        = {1711.07312},
  file          = {:papers/1711.07312.pdf:PDF},
  timestamp     = {Mon, 13 Aug 2018 16:47:35 +0200},
  url           = {http://arxiv.org/abs/1711.07312},
}

@Article{Mao2021,
  author  = {Yi-Cheng Mao and Tsung-Yi Chen and He-Sheng Chou and Szu-Yin Lin and Sheng-Yu Liu and Yu-An Chen and Yu-Lin Liu and Chiung-An Chen and Yen-Cheng Huang and Shih-Lun Chen and Chun-Wei Li and Patricia Angela R. Abu and W Y Chiang},
  journal = {Sensors (Basel, Switzerland)},
  title   = {Caries and Restoration Detection Using Bitewing Film Based on Transfer Learning with CNNs},
  year    = {2021},
  volume  = {21},
  comment = {Non dl preprocessing, classification AlexNet, ResNet, VggNet 278 bitewing im},
  file    = {:papers/5d14d01954effe1661289ee1719a54d01a2e.pdf:PDF},
}

@InProceedings{Moutselos2019,
  author    = {K. Moutselos and E. Berdouses and C. Oulis and I. Maglogiannis},
  booktitle = {2019 41st Annual International Conference of the {IEEE} Engineering in Medicine and Biology Society ({EMBC})},
  title     = {Recognizing Occlusal Caries in Dental Intraoral Images Using Deep Learning},
  year      = {2019},
  month     = {jul},
  publisher = {{IEEE}},
  comment   = {Dental caries, normal images, segmentation ResNet},
  doi       = {10.1109/embc.2019.8856553},
}

@Article{Bayrakdar2021,
  author    = {Ibrahim Sevki Bayrakdar and Kaan Orhan and Serdar Akarsu and Özer {\c{C}}elik and Samet Atasoy and Adem Pekince and Yasin Yasa and Elif Bilgir and Hande Sa{\u{g}}lam and Ahmet Faruk Aslan and Alper Odaba{\c{s}}},
  journal   = {Oral Radiology},
  title     = {Deep-learning approach for caries detection and segmentation on dental bitewing radiographs},
  year      = {2021},
  month     = {nov},
  comment   = {sketchy detection and segmentation. VGG used? 621 bitewing},
  doi       = {10.1007/s11282-021-00577-9},
  file      = {:papers/Bayrakdar2021_Article_Deep-learningApproachForCaries.pdf:PDF},
  publisher = {Springer Science and Business Media {LLC}},
}

@Article{Yasa2020,
  author    = {Yasin Yasa and Özer {\c{C}}elik and Ibrahim Sevki Bayrakdar and Adem Pekince and Kaan Orhan and Serdar Akarsu and Samet Atasoy and Elif Bilgir and Alper Odaba{\c{s}} and Ahmet Faruk Aslan},
  journal   = {Acta Odontologica Scandinavica},
  title     = {An artificial intelligence proposal to automatic teeth detection and numbering in dental bite-wing radiographs},
  year      = {2020},
  month     = {nov},
  number    = {4},
  pages     = {275--281},
  volume    = {79},
  comment   = {R-CNN used for detection - accuracy too high},
  doi       = {10.1080/00016357.2020.1840624},
  publisher = {Informa {UK} Limited},
}

@Article{Bayraktar2021,
  author    = {Yusuf Bayraktar and Enes Ayan},
  journal   = {Clinical Oral Investigations},
  title     = {Diagnosis of interproximal caries lesions with deep convolutional neural network in digital bitewing radiographs},
  year      = {2021},
  month     = {jun},
  comment   = {YOLO v3 bitweing caries detection},
  doi       = {10.1007/s00784-021-04040-1},
  file      = {:papers/784_2021_Article_4040.pdf:PDF},
  publisher = {Springer Science and Business Media {LLC}},
}

@Article{Tan2019,
  author        = {Mingxing Tan and Ruoming Pang and Quoc V. Le},
  journal       = {CoRR},
  title         = {EfficientDet: Scalable and Efficient Object Detection},
  year          = {2019},
  volume        = {abs/1911.09070},
  archiveprefix = {arXiv},
  bibsource     = {dblp computer science bibliography, https://dblp.org},
  biburl        = {https://dblp.org/rec/journals/corr/abs-1911-09070.bib},
  comment       = {EfficientDet},
  eprint        = {1911.09070},
  file          = {:papers/efficientdet.pdf:PDF},
  groups        = {architectures},
  timestamp     = {Tue, 03 Dec 2019 14:15:54 +0100},
  url           = {http://arxiv.org/abs/1911.09070},
}

@Article{Tan2019a,
  author        = {Mingxing Tan and Quoc V. Le},
  journal       = {CoRR},
  title         = {EfficientNet: Rethinking Model Scaling for Convolutional Neural Networks},
  year          = {2019},
  volume        = {abs/1905.11946},
  archiveprefix = {arXiv},
  bibsource     = {dblp computer science bibliography, https://dblp.org},
  biburl        = {https://dblp.org/rec/journals/corr/abs-1905-11946.bib},
  comment       = {EfficientNet},
  eprint        = {1905.11946},
  file          = {:papers/efficientnet.pdf:PDF},
  groups        = {architectures},
  timestamp     = {Mon, 03 Jun 2019 13:42:33 +0200},
  url           = {http://arxiv.org/abs/1905.11946},
}

@Article{Redmon2018,
  author        = {Joseph Redmon and Ali Farhadi},
  journal       = {CoRR},
  title         = {YOLOv3: An Incremental Improvement},
  year          = {2018},
  volume        = {abs/1804.02767},
  archiveprefix = {arXiv},
  bibsource     = {dblp computer science bibliography, https://dblp.org},
  biburl        = {https://dblp.org/rec/journals/corr/abs-1804-02767.bib},
  comment       = {YoloV3},
  eprint        = {1804.02767},
  file          = {:papers/YOLOV3.pdf:PDF},
  groups        = {architectures},
  timestamp     = {Mon, 13 Aug 2018 16:48:24 +0200},
  url           = {http://arxiv.org/abs/1804.02767},
}

@Article{Redmon2015,
  author        = {Joseph Redmon and Santosh Kumar Divvala and Ross B. Girshick and Ali Farhadi},
  journal       = {CoRR},
  title         = {You Only Look Once: Unified, Real-Time Object Detection},
  year          = {2015},
  volume        = {abs/1506.02640},
  archiveprefix = {arXiv},
  bibsource     = {dblp computer science bibliography, https://dblp.org},
  biburl        = {https://dblp.org/rec/journals/corr/RedmonDGF15.bib},
  comment       = {Yolo},
  eprint        = {1506.02640},
  file          = {:papers/YOLO.pdf:PDF},
  groups        = {architectures},
  timestamp     = {Mon, 13 Aug 2018 16:48:08 +0200},
  url           = {http://arxiv.org/abs/1506.02640},
}

@Article{Ren2015,
  author        = {Shaoqing Ren and Kaiming He and Ross B. Girshick and Jian Sun},
  journal       = {CoRR},
  title         = {Faster {R-CNN:} Towards Real-Time Object Detection with Region Proposal Networks},
  year          = {2015},
  volume        = {abs/1506.01497},
  archiveprefix = {arXiv},
  bibsource     = {dblp computer science bibliography, https://dblp.org},
  biburl        = {https://dblp.org/rec/journals/corr/RenHG015.bib},
  comment       = {Faster R-CNN},
  eprint        = {1506.01497},
  file          = {:papers/Faster R-CNN.pdf:PDF},
  groups        = {architectures},
  timestamp     = {Mon, 13 Aug 2018 16:46:02 +0200},
  url           = {http://arxiv.org/abs/1506.01497},
}

@Article{Girshick2013,
  author        = {Ross B. Girshick and Jeff Donahue and Trevor Darrell and Jitendra Malik},
  journal       = {CoRR},
  title         = {Rich feature hierarchies for accurate object detection and semantic segmentation},
  year          = {2013},
  volume        = {abs/1311.2524},
  archiveprefix = {arXiv},
  bibsource     = {dblp computer science bibliography, https://dblp.org},
  biburl        = {https://dblp.org/rec/journals/corr/GirshickDDM13.bib},
  comment       = {RCNN},
  eprint        = {1311.2524},
  file          = {:papers/RCNN.pdf:PDF},
  groups        = {architectures},
  timestamp     = {Mon, 13 Aug 2018 16:48:09 +0200},
  url           = {http://arxiv.org/abs/1311.2524},
}

@Article{James2018,
  author    = {James, Spencer L. Abate, Degu et al.},
  journal   = {The Lancet},
  title     = {Global, regional, and national incidence, prevalence, and years lived with disability for 354 diseases and injuries for 195 countries and territories, 1990{\textendash}2017: a systematic analysis for the Global Burden of Disease Study 2017},
  year      = {2018},
  month     = {nov},
  number    = {10159},
  pages     = {1789--1858},
  volume    = {392},
  comment   = {Diseases summary},
  doi       = {10.1016/s0140-6736(18)32279-7},
  file      = {:papers/1-s2.0-S0140673618322797-main.pdf:PDF},
  publisher = {Elsevier {BV}},
}

@Article{Bhatt2020,
  author    = {Chandradeep Bhatt and Indrajeet Kumar and V. Vijayakumar and Kamred Udham Singh and Abhishek Kumar},
  journal   = {Multimedia Systems},
  title     = {The state of the art of deep learning models in medical science and their challenges},
  year      = {2020},
  month     = {sep},
  number    = {4},
  pages     = {599--613},
  volume    = {27},
  comment   = {Number of articles in medical field in recent},
  doi       = {10.1007/s00530-020-00694-1},
  file      = {:papers/Bhatt2021_Article_TheStateOfTheArtOfDeepLearning.pdf:PDF},
  publisher = {Springer Science and Business Media {LLC}},
}

@Article{PradosPrivado2020,
  author    = {Mar{\'{\i}}a Prados-Privado and Javier Garc{\'{\i}}a Villal{\'{o}}n and Carlos Hugo Mart{\'{\i}}nez-Mart{\'{\i}}nez and Carlos Ivorra and Juan Carlos Prados-Frutos},
  journal   = {Journal of Clinical Medicine},
  title     = {Dental Caries Diagnosis and Detection Using Neural Networks: A Systematic Review},
  year      = {2020},
  month     = {nov},
  number    = {11},
  pages     = {3579},
  volume    = {9},
  comment   = {Review of methods in dental caries detection (using NN)},
  doi       = {10.3390/jcm9113579},
  file      = {:papers/jcm-09-03579 (1).pdf:PDF},
  publisher = {{MDPI} {AG}},
}

@InProceedings{Kuang2008,
  author    = {Wei Kuang and Weiping Ye},
  booktitle = {2008 Second International Symposium on Intelligent Information Technology Application},
  title     = {A Kernel-Modified {SVM} Based Computer-Aided Diagnosis System in Initial Caries},
  year      = {2008},
  month     = {dec},
  publisher = {{IEEE}},
  comment   = {2008 SVM and NN for caries classification},
  doi       = {10.1109/iita.2008.206},
  file      = {:papers/A_Kernel-Modified_SVM_Based_Computer-Aided_Diagnosis_System_in_Initial_Caries.pdf:PDF},
}

@Article{Schwendicke2020,
  author    = {Falk Schwendicke and Karim Elhennawy and Sebastian Paris and Philipp Friebertshäuser and Joachim Krois},
  journal   = {Journal of Dentistry},
  title     = {Deep learning for caries lesion detection in near-infrared light transillumination images: A pilot study},
  year      = {2020},
  month     = {jan},
  pages     = {103260},
  volume    = {92},
  comment   = {Near IR images detection},
  doi       = {10.1016/j.jdent.2019.103260},
  publisher = {Elsevier {BV}},
}

@Article{Casalegno2019,
  author    = {F. Casalegno and T. Newton and R. Daher and M. Abdelaziz and A. Lodi-Rizzini and F. Schürmann and I. Krejci and H. Markram},
  journal   = {Journal of Dental Research},
  title     = {Caries Detection with Near-Infrared Transillumination Using Deep Learning},
  year      = {2019},
  month     = {aug},
  number    = {11},
  pages     = {1227--1233},
  volume    = {98},
  comment   = {Near IR images detection},
  doi       = {10.1177/0022034519871884},
  publisher = {{SAGE} Publications},
}

@Article{Bochkovskiy2020,
  author        = {Alexey Bochkovskiy and Chien{-}Yao Wang and Hong{-}Yuan Mark Liao},
  journal       = {CoRR},
  title         = {YOLOv4: Optimal Speed and Accuracy of Object Detection},
  year          = {2020},
  volume        = {abs/2004.10934},
  archiveprefix = {arXiv},
  bibsource     = {dblp computer science bibliography, https://dblp.org},
  biburl        = {https://dblp.org/rec/journals/corr/abs-2004-10934.bib},
  comment       = {YoloV4},
  eprint        = {2004.10934},
  file          = {:papers/YOLOV4.pdf:PDF},
  groups        = {architectures},
  timestamp     = {Tue, 28 Apr 2020 16:10:02 +0200},
  url           = {https://arxiv.org/abs/2004.10934},
}

@Misc{MetaAIStatement,
  title    = {Reengineering {Facebook} {AI}’s deep learning platforms for interoperability},
  abstract = {Having a single set of interchangeable building blocks across different AI subfields will help accelerate progress. We’re reengineering our platforms, using Hydra for configs, and offering greater integration with PyTorch Lightning.},
  comment  = {MetaAI statement obout PL and Hydra},
  language = {cs},
  url      = {https://ai.facebook.com/blog/reengineering-facebook-ais-deep-learning-platforms-for-interoperability/},
  urldate  = {2022-01-14},
}

@Article{falcon2019pytorch,
  author  = {William {Falcon et al.}},
  journal = {GitHub. Note: https://github.com/PyTorchLightning/pytorch-lightning},
  title   = {PyTorch Lightning},
  year    = {2019},
  volume  = {3},
  comment = {Pytorch-Lightning Library},
}

@Misc{paperwithcode,
  title    = {Papers with {Code} - {Browse} the {State}-of-the-{Art} in {Machine} {Learning}},
  abstract = {6032 leaderboards • 2611 tasks • 5394 datasets • 63142 papers with code.},
  comment  = {state of the art leaderboard},
  language = {en},
  url      = {https://paperswithcode.com/sota},
  urldate  = {2022-01-14},
}

@Misc{Yadan2019Hydra,
  author       = {Omry Yadan},
  howpublished = {Github},
  title        = {Hydra - A framework for elegantly configuring complex applications},
  year         = {2019},
  comment      = {Hydra},
  url          = {https://github.com/facebookresearch/hydra},
}

@Misc{cavityarticle,
  title    = {Cavities/tooth decay - {Symptoms} and causes},
  abstract = {Cavities, also called tooth decay, are permanently damaged areas in the hard surface of your teeth that develop into tiny openings or holes.},
  comment  = {Cavity article},
  journal  = {Mayo Clinic},
  language = {en},
  url      = {https://www.mayoclinic.org/diseases-conditions/cavities/symptoms-causes/syc-20352892},
  urldate  = {2022-01-14},
}

@Software{glennjocher2020,
  author    = {Glenn Jocher et al.},
  comment   = {YoloV5},
  doi       = {10.5281/zenodo.4154370},
  groups    = {architectures},
  month     = oct,
  publisher = {Zenodo},
  title     = {{ultralytics/yolov5: v3.1 - Bug Fixes and Performance Improvements}},
  url       = {https://doi.org/10.5281/zenodo.4154370},
  version   = {v3.1},
  year      = {2020},
}

@Article{Everingham2009,
  author         = {Mark Everingham and Luc Van Gool and Christopher K. I. Williams and John Winn and Andrew Zisserman},
  journal        = {International Journal of Computer Vision},
  title          = {The Pascal Visual Object Classes ({VOC}) Challenge},
  year           = {2009},
  month          = {sep},
  number         = {2},
  pages          = {303--338},
  volume         = {88},
  comment        = {Pascal voc dataset paper},
  doi            = {10.1007/s11263-009-0275-4},
  file           = {:/home/kuntik/Documents/svp/papers/PascalVOC.pdf:PDF},
  publisher      = {Springer Science and Business Media {LLC}},
  qualityassured = {qualityAssured},
}

@Article{Padilla2021,
  author    = {Rafael Padilla and Wesley L. Passos and Thadeu L. B. Dias and Sergio L. Netto and Eduardo A. B. da Silva},
  journal   = {Electronics},
  title     = {A Comparative Analysis of Object Detection Metrics with a Companion Open-Source Toolkit},
  year      = {2021},
  month     = {jan},
  number    = {3},
  pages     = {279},
  volume    = {10},
  comment   = {Object detection metrics overview},
  doi       = {10.3390/electronics10030279},
  file      = {:/home/kuntik/Documents/svp/papers/metrics.pdf:PDF},
  publisher = {{MDPI} {AG}},
}

@Article{Cowton2019,
  author    = {Jake Cowton and Ilias Kyriazakis and Jaume Bacardit},
  journal   = {{IEEE} Access},
  title     = {Automated Individual Pig Localisation, Tracking and Behaviour Metric Extraction Using Deep Learning},
  year      = {2019},
  pages     = {108049--108060},
  volume    = {7},
  comment   = {IOU image},
  doi       = {10.1109/access.2019.2933060},
  groups    = {images},
  publisher = {Institute of Electrical and Electronics Engineers ({IEEE})},
  ranking   = {rank1},
}

@InProceedings{Padilla2020,
  author    = {Rafael Padilla and Sergio L. Netto and Eduardo A. B. da Silva},
  booktitle = {2020 International Conference on Systems, Signals and Image Processing ({IWSSIP})},
  title     = {A Survey on Performance Metrics for Object-Detection Algorithms},
  year      = {2020},
  month     = {jul},
  publisher = {{IEEE}},
  comment   = {Object detection metrics survey},
  doi       = {10.1109/iwssip48289.2020.9145130},
  file      = {:/home/kuntik/Documents/svp/papers/Metrics_survey.pdf:PDF},
}

@Misc{Cubuk2018,
  author    = {Cubuk, Ekin D. and Zoph, Barret and Mane, Dandelion and Vasudevan, Vijay and Le, Quoc V.},
  title     = {AutoAugment: Learning Augmentation Policies from Data},
  year      = {2018},
  comment   = {auto augment},
  copyright = {arXiv.org perpetual, non-exclusive license},
  doi       = {10.48550/ARXIV.1805.09501},
  keywords  = {Computer Vision and Pattern Recognition (cs.CV), Machine Learning (cs.LG), Machine Learning (stat.ML), FOS: Computer and information sciences, FOS: Computer and information sciences},
  publisher = {arXiv},
}

@Comment{jabref-meta: databaseType:bibtex;}

@Comment{jabref-meta: grouping:
0 AllEntriesGroup:;
1 StaticGroup:images\;0\;1\;0x8a8a8aff\;\;\;;
1 StaticGroup:architectures\;0\;0\;0x8a8a8aff\;\;\;;
1 StaticGroup:metrics\;0\;1\;0x8a8a8aff\;\;\;;
}
